@article{Aharony:2013dha,
      author         = "Aharony, Ofer and Razamat, Shlomo S. and Seiberg, Nathan
                        and Willett, Brian",
      title          = "{3d dualities from 4d dualities}",
      journal        = "JHEP",
      volume         = "1307",
      pages          = "149",
      doi            = "10.1007/JHEP07(2013)149",
      year           = "2013",
      eprint         = "1305.3924",
      archivePrefix  = "arXiv",
      primaryClass   = "hep-th",
      reportNumber   = "WIS-04-13-APR-DPPA",
      SLACcitation   = "%%CITATION = ARXIV:1305.3924;%%",
}
@article{Amariti:2014iza,
      author         = "Amariti, Antonio and Klare, Claudius",
      title          = "{A journey to 3d: exact relations for adjoint SQCD from
                        dimensional reduction}",
      year           = "2014",
      eprint         = "1409.8623",
      archivePrefix  = "arXiv",
      primaryClass   = "hep-th",
      SLACcitation   = "%%CITATION = ARXIV:1409.8623;%%",
}
@article{vanDeBult:2007,
		author	 	= "Fokko van de Bult",
		title		= "Hyperbolic hypergeometric functions",
		year 		= "2007",
		journal 	= "Master thesis",
	}
@article{Dolan:2008qi,
      author         = "Dolan, F.A. and Osborn, H.",
      title          = "{Applications of the Superconformal Index for Protected
                        Operators and q-Hypergeometric Identities to N=1 Dual
                        Theories}",
      journal        = "Nucl.Phys.",
      volume         = "B818",
      pages          = "137-178",
      doi            = "10.1016/j.nuclphysb.2009.01.028",
      year           = "2009",
      eprint         = "0801.4947",
      archivePrefix  = "arXiv",
      primaryClass   = "hep-th",
      reportNumber   = "DAMTP-08-07, DIAS-STP-08-02, SHEP-08-06",
      SLACcitation   = "%%CITATION = ARXIV:0801.4947;%%",
}

@article{Spiridonov:2009za,
      author         = "Spiridonov, V.P. and Vartanov, G.S.",
      title          = "{Elliptic Hypergeometry of Supersymmetric Dualities}",
      journal        = "Commun.Math.Phys.",
      volume         = "304",
      pages          = "797-874",
      doi            = "10.1007/s00220-011-1218-9",
      year           = "2011",
      eprint         = "0910.5944",
      archivePrefix  = "arXiv",
      primaryClass   = "hep-th",
      reportNumber   = "AEI-2009-106",
      SLACcitation   = "%%CITATION = ARXIV:0910.5944;%%",
}

@article{Nii:2014jsa,
      author         = "Nii, Keita",
      title          = "{3d duality with adjoint matter from 4d duality}",
      journal        = "JHEP",
      volume         = "1502",
      pages          = "024",
      doi            = "10.1007/JHEP02(2015)024",
      year           = "2015",
      eprint         = "1409.3230",
      archivePrefix  = "arXiv",
      primaryClass   = "hep-th",
      SLACcitation   = "%%CITATION = ARXIV:1409.3230;%%",
}

@article{Kim:2013cma,
      author         = "Kim, Hyungchul and Park, Jaemo",
      title          = "{Aharony Dualities for 3d Theories with Adjoint Matter}",
      journal        = "JHEP",
      volume         = "1306",
      pages          = "106",
      doi            = "10.1007/JHEP06(2013)106",
      year           = "2013",
      eprint         = "1302.3645",
      archivePrefix  = "arXiv",
      primaryClass   = "hep-th",
      SLACcitation   = "%%CITATION = ARXIV:1302.3645;%%",
}

@article{Benini:2011mf,
      author         = "Benini, Francesco and Closset, Cyril and Cremonesi,
                        Stefano",
      title          = "{Comments on 3d Seiberg-like dualities}",
      journal        = "JHEP",
      volume         = "1110",
      pages          = "075",
      doi            = "10.1007/JHEP10(2011)075",
      year           = "2011",
      eprint         = "1108.5373",
      archivePrefix  = "arXiv",
      primaryClass   = "hep-th",
      reportNumber   = "PU-2391, WIS-07-11-AUG-DPPA, TAUP-2931-11",
      SLACcitation   = "%%CITATION = ARXIV:1108.5373;%%",
}